@book{berry,
    title = {L’Hyperpuissance de l’informatique},
    subtitle = {Algorithmes, données, machines, réseaux},
    author = {Gérard Berry},
    isbn = {9782738139535},
    year = {2017},
    publisher = {Odile Jacob}
}

@online{britannica-eniac,
    author = "Paul A. Frieberger and Michael R. Swaine",
    title = "ENIAC",
    url  = "https://www.britannica.com/technology/ENIAC",
    addendum = "(accédé le 2024/04/30)",
    year = 2008
}

@online{britannica-asm,
    author = "William L. Hosch",
    title = "Assembly Language",
    url = "https://www.britannica.com/technology/assembly-language",
    addendum = "(accédé le 2024/04/30)",
    year = 2009
}

@online{imb-john-backus,
    title = "John Backus",
    url = "https://www.ibm.com/history/john-backus",
    addendum = "(accédé le 2024/04/30)"
}
